@Misc{Bitcoin,
    title = {Bitcoin: A peer-to-peer electronic cash system},
    author = {Nakamoto, Satoshi},
    howpublished = {\url{http://www.cryptovest.co.uk/resources/Bitcoin%20paper%20Original.pdf}},
    year = 2008
}
